<?xml version="1.0" encoding="UTF-8" ?>
<collection xmlns="http://www.loc.gov/MARC21/slim">
  <record>
    <leader>01597nas  22003733a 4500</leader>
    <controlfield tag="001">UF00053917_00001</controlfield>
    <controlfield tag="005">20080904185140.0</controlfield>
    <controlfield tag="006">m                 </controlfield>
    <controlfield tag="007">cr       ma mp</controlfield>
    <controlfield tag="008">060925n        xx  u   s     |    0eng d</controlfield>
    <datafield tag="035" ind1="9" ind2=" ">
      <subfield code="a">ocm0312</subfield>
      <subfield code="b">UF</subfield>
    </datafield>
    <datafield tag="035" ind1="9" ind2=" ">
      <subfield code="a">(DLXS)123456</subfield>
      <subfield code="b">UF</subfield>
    </datafield>
    <datafield tag="040" ind1=" " ind2=" ">
      <subfield code="a">FUG</subfield>
      <subfield code="c">FUG</subfield>
    </datafield>
    <datafield tag="245" ind1="0" ind2="0">
      <subfield code="a">Vampire bats: rabies transmission and livestock production in Latin America; annual report. : Murcielagos vampiros: transmision de rabia y produccion de ganado en America Latina; informe anual.</subfield>
      <subfield code="h">[electronic resource].</subfield>
    </datafield>
    <datafield tag="246" ind1="3" ind2=" ">
      <subfield code="a">Murcielagos vampiros: transmision de rabia y produccion de ganado en America Latina; informe anual.</subfield>
    </datafield>
    <datafield tag="246" ind1="3" ind2=" ">
      <subfield code="a">Annual progress report.</subfield>
    </datafield>
    <datafield tag="260" ind1=" " ind2=" ">
      <subfield code="a">[S.l.] :</subfield>
      <subfield code="b">s.n.,</subfield>
      <subfield code="c">1974.</subfield>
    </datafield>
    <datafield tag="300" ind1=" " ind2=" ">
      <subfield code="a">v. 27 cm.</subfield>
    </datafield>
    <datafield tag="533" ind1=" " ind2=" ">
      <subfield code="a">Electronic reproduction.</subfield>
      <subfield code="b">Gainesville, Fla. :</subfield>
      <subfield code="c">University of Florida, George A. Smathers Libraries,</subfield>
      <subfield code="d">2006.</subfield>
      <subfield code="f">(University of Florida Digital Collections)</subfield>
      <subfield code="f">(Food and Agriculture)</subfield>
      <subfield code="n">Mode of access: World Wide Web.</subfield>
      <subfield code="n">System requirements: Internet connectivity; Web browser software.</subfield>
    </datafield>
    <datafield tag="535" ind1="1" ind2=" ">
      <subfield code="a">University of Florida.</subfield>
    </datafield>
    <datafield tag="536" ind1=" " ind2=" ">
      <subfield code="a">Electronic resources created as part of a prototype UF Institutional Repository and Faculty Papers project by the University of Florida.</subfield>
    </datafield>
    <datafield tag="598" ind1=" " ind2=" ">
      <subfield code="a">UF00123456</subfield>
    </datafield>
    <datafield tag="650" ind1=" " ind2=" ">
      <subfield code="a">Zoology, Economic.</subfield>
    </datafield>
    <datafield tag="650" ind1=" " ind2=" ">
      <subfield code="a">Wildlife research.</subfield>
    </datafield>
    <datafield tag="650" ind1=" " ind2=" ">
      <subfield code="a">Vampire bats.</subfield>
    </datafield>
    <datafield tag="650" ind1=" " ind2="0">
      <subfield code="a">Farming.</subfield>
    </datafield>
    <datafield tag="650" ind1=" " ind2="0">
      <subfield code="a">Agriculture.</subfield>
    </datafield>
    <datafield tag="650" ind1=" " ind2="0">
      <subfield code="a">Farm life.</subfield>
    </datafield>
    <datafield tag="700" ind1=" " ind2=" ">
      <subfield code="a">United States. Agency for International Development.; Office of Agriculture and Fisheries..</subfield>
    </datafield>
    <datafield tag="700" ind1=" " ind2=" ">
      <subfield code="a">Denver Wildlife Research Center..</subfield>
    </datafield>
    <datafield tag="830" ind1=" " ind2="0">
      <subfield code="a">University of Florida Digital Collections.</subfield>
    </datafield>
    <datafield tag="830" ind1=" " ind2="0">
      <subfield code="a">Food and Agriculture.</subfield>
    </datafield>
    <datafield tag="852" ind1=" " ind2=" ">
      <subfield code="a">SUS01:;:;:</subfield>
      <subfield code="b">UFDC</subfield>
      <subfield code="c">FAO1</subfield>
    </datafield>
    <datafield tag="856" ind1="4" ind2="0">
      <subfield code="u">http://ufdc.ufl.edu/UF00053917</subfield>
      <subfield code="y">Electronic Resource</subfield>
    </datafield>
    <datafield tag="992" ind1="0" ind2="4">
      <subfield code="a">http://ufdcimages.uflib.ufl.edu/UF/00/05/39/17/00001/00001thm.jpg</subfield>
    </datafield>
    <datafield tag="997" ind1=" " ind2=" ">
      <subfield code="a">Food and Agriculture</subfield>
    </datafield>
  </record>
</collection>
